
@article{yang2020,
  author    = {Yi Yang and
               Mark Christopher Siy Uy and
               Allen Huang},
  title     = {FinBERT: {A} Pretrained Language Model for Financial Communications},
  journal   = {CoRR},
  volume    = {abs/2006.08097},
  year      = {2020},
  url       = {https://arxiv.org/abs/2006.08097},
  archivePrefix = {arXiv},
  eprint    = {2006.08097},
  timestamp = {Wed, 17 Jun 2020 14:28:54 +0200},
  biburl    = {https://dblp.org/rec/journals/corr/abs-2006-08097.bib},
  bibsource = {dblp computer science bibliography, https://dblp.org}
}

@inproceedings{kogan2009,
    title = "Predicting Risk from Financial Reports with Regression",
    author = "Kogan, Shimon  and
      Levin, Dimitry  and
      Routledge, Bryan R.  and
      Sagi, Jacob S.  and
      Smith, Noah A.",
    booktitle = "Proceedings of Human Language Technologies: The 2009 Annual Conference of the North {A}merican Chapter of the Association for Computational Linguistics",
    month = jun,
    year = "2009",
    address = "Boulder, Colorado",
    publisher = "Association for Computational Linguistics",
    url = "https://www.aclweb.org/anthology/N09-1031",
    pages = "272--280",
}

@article{araci2019,
  author    = {Dogu Araci},
  title     = {FinBERT: Financial Sentiment Analysis with Pre-trained Language Models},
  journal   = {CoRR},
  volume    = {abs/1908.10063},
  year      = {2019},
  url       = {http://arxiv.org/abs/1908.10063},
  archivePrefix = {arXiv},
  eprint    = {1908.10063},
  timestamp = {Thu, 29 Aug 2019 16:32:34 +0200},
  biburl    = {https://dblp.org/rec/journals/corr/abs-1908-10063.bib},
  bibsource = {dblp computer science bibliography, https://dblp.org}
}

@inproceedings{navid2017,
    title = "Volatility Prediction using Financial Disclosures Sentiments with Word Embedding-based {IR} Models",
    author = {Rekabsaz, Navid  and
      Lupu, Mihai  and
      Baklanov, Artem  and
      D{\"u}r, Alexander  and
      Andersson, Linda  and
      Hanbury, Allan},
    booktitle = "Proceedings of the 55th Annual Meeting of the Association for Computational Linguistics (Volume 1: Long Papers)",
    month = jul,
    year = "2017",
    address = "Vancouver, Canada",
    publisher = "Association for Computational Linguistics",
    url = "https://www.aclweb.org/anthology/P17-1157",
    doi = "10.18653/v1/P17-1157",
    pages = "1712--1721",
}

@inproceedings{ding2014,
    title = "Using Structured Events to Predict Stock Price Movement: An Empirical Investigation",
    author = "Ding, Xiao  and
      Zhang, Yue  and
      Liu, Ting  and
      Duan, Junwen",
    booktitle = "Proceedings of the 2014 Conference on Empirical Methods in Natural Language Processing ({EMNLP})",
    month = oct,
    year = "2014",
    address = "Doha, Qatar",
    publisher = "Association for Computational Linguistics",
    url = "https://www.aclweb.org/anthology/D14-1148",
    doi = "10.3115/v1/D14-1148",
    pages = "1415--1425",
}

@article{steven2017,
author = {Steven L. Heston and Nitish Ranjan Sinha},
title = {News vs. Sentiment: Predicting Stock Returns from News Stories},
journal = {Financial Analysts Journal},
volume = {73},
number = {3},
pages = {67-83},
year  = {2017},
publisher = {Routledge},
doi = {10.2469/faj.v73.n3.3},
URL = { 
        https://doi.org/10.2469/faj.v73.n3.3
},
eprint = { 
        https://doi.org/10.2469/faj.v73.n3.3   
}
}

@inproceedings{ding2015,
author = {Ding, Xiao and Zhang, Yue and Liu, Ting and Duan, Junwen},
title = {Deep Learning for Event-Driven Stock Prediction},
year = {2015},
isbn = {9781577357384},
publisher = {AAAI Press},
booktitle = {Proceedings of the 24th International Conference on Artificial Intelligence},
pages = {2327–2333},
numpages = {7},
location = {Buenos Aires, Argentina},
series = {IJCAI'15}
}

@inproceedings{maia2018,
author = {Maia, Macedo and Handschuh, Siegfried and Freitas, Andr\'{e} and Davis, Brian and McDermott, Ross and Zarrouk, Manel and Balahur, Alexandra},
title = {WWW'18 Open Challenge: Financial Opinion Mining and Question Answering},
year = {2018},
isbn = {9781450356404},
publisher = {International World Wide Web Conferences Steering Committee},
address = {Republic and Canton of Geneva, CHE},
url = {https://doi.org/10.1145/3184558.3192301},
doi = {10.1145/3184558.3192301},
booktitle = {Companion Proceedings of the The Web Conference 2018},
pages = {1941–1942},
numpages = {2},
keywords = {question answering, opinion mining, financial domain},
location = {Lyon, France},
series = {WWW '18}
}

@misc{yang2018,
      title={Financial Aspect-Based Sentiment Analysis using Deep Representations}, 
      author={Steve Yang and Jason Rosenfeld and Jacques Makutonin},
      year={2018},
      eprint={1808.07931},
      archivePrefix={arXiv},
      primaryClass={cs.CL}
}

@misc{ozbayoglu2020,
      title={Deep Learning for Financial Applications : A Survey}, 
      author={Ahmet Murat Ozbayoglu and Mehmet Ugur Gudelek and Omer Berat Sezer},
      year={2020},
      eprint={2002.05786},
      archivePrefix={arXiv},
      primaryClass={q-fin.ST}
}

@inproceedings{theil2019,
  title     = {PRoFET: Predicting the Risk of Firms from Event Transcripts},
  author    = {Theil, Christoph Kilian and Broscheit, Samuel and Stuckenschmidt, Heiner},
  booktitle = {Proceedings of the Twenty-Eighth International Joint Conference on
               Artificial Intelligence, {IJCAI-19}},
  publisher = {International Joint Conferences on Artificial Intelligence Organization},             
  pages     = {5211--5217},
  year      = {2019},
  month     = {7},
  doi       = {10.24963/ijcai.2019/724},
  url       = {https://doi.org/10.24963/ijcai.2019/724},
}
