
@article{keown1981,
author = {KEOWN, ARTHUR J. and PINKERTON, JOHN M.},
title = {Merger Announcements and Insider Trading Activity: An Empirical Investigation},
journal = {The Journal of Finance},
volume = {36},
number = {4},
pages = {855-869},
doi = {https://doi.org/10.1111/j.1540-6261.1981.tb04888.x},
url = {https://onlinelibrary.wiley.com/doi/abs/10.1111/j.1540-6261.1981.tb04888.x},
eprint = {https://onlinelibrary.wiley.com/doi/pdf/10.1111/j.1540-6261.1981.tb04888.x},
year = {1981}
}

@article{cremers2008,
    author = {Cremers, K. J. Martijn and Nair, Vinay B. and John, Kose},
    title = "{Takeovers and the Cross-Section of Returns}",
    journal = {The Review of Financial Studies},
    volume = {22},
    number = {4},
    pages = {1409-1445},
    year = {2008},
    month = {04},
    issn = {0893-9454},
    doi = {10.1093/rfs/hhn032},
    url = {https://doi.org/10.1093/rfs/hhn032},
    eprint = {https://academic.oup.com/rfs/article-pdf/22/4/1409/24429756/hhn032.pdf},
}

@article{edmans2012,
author = {EDMANS, ALEX and GOLDSTEIN, ITAY and JIANG, WEI},
title = {The Real Effects of Financial Markets: The Impact of Prices on Takeovers},
journal = {The Journal of Finance},
volume = {67},
number = {3},
pages = {933-971},
doi = {https://doi.org/10.1111/j.1540-6261.2012.01738.x},
url = {https://onlinelibrary.wiley.com/doi/abs/10.1111/j.1540-6261.2012.01738.x},
eprint = {https://onlinelibrary.wiley.com/doi/pdf/10.1111/j.1540-6261.2012.01738.x},
year = {2012}
}

@conference{Buehlmaier2015,
title = {Looking for risk in words: a narrative approach to measuring the pricing implications of financial constraints},
author = {Buehlmaier, M and Whited, TM},
year = 2015,
journal = {Annual Conference of the Western Finance Association (WFA)},
url = {http://hdl.handle.net/10722/213634}
}

@article{bodnaruk2015,
title={Using 10-K Text to Gauge Financial Constraints},
volume={50},
DOI={10.1017/S0022109015000411},
number={4},
journal={Journal of Financial and Quantitative Analysis},
publisher={Cambridge University Press},
author={Bodnaruk, Andriy and Loughran, Tim and McDonald, Bill},
year={2015},
pages={623â€“646}
}

@Article{hoberg2015,
  author={Gerard Hoberg and Vojislav Maksimovic},
  title={{Redefining Financial Constraints: A Text-Based Analysis}},
  journal={Review of Financial Studies},
  year=2015,
  volume={28},
  number={5},
  pages={1312-1352},
  month={},
  keywords={},
  doi={},
  url={https://ideas.repec.org/a/oup/rfinst/v28y2015i5p1312-1352..html}
}

@Article{loughran2013,
  author={Loughran, Tim and McDonald, Bill},
  title={{IPO first-day returns, offer price revisions, volatility, and form S-1 language}},
  journal={Journal of Financial Economics},
  year=2013,
  volume={109},
  number={2},
  pages={307-326},
  month={},
  keywords={IPOs; First-day returns; Bookbuilding; S-1 filings; Textual analysis},
  doi={10.1016/j.jfineco.2013.02},
  url={https://ideas.repec.org/a/eee/jfinec/v109y2013i2p307-326.html}
}

@article{jegadeesh2013,
title = "Word power: A new approach for content analysis",
journal = "Journal of Financial Economics",
volume = "110",
number = "3",
pages = "712 - 729",
year = "2013",
issn = "0304-405X",
doi = "https://doi.org/10.1016/j.jfineco.2013.08.018",
url = "http://www.sciencedirect.com/science/article/pii/S0304405X13002328",
author = "Narasimhan Jegadeesh and Di Wu",
keywords = "Content analysis, Lexicons, Term weighting",
}

@inproceedings{routledge2013,
  title={Predicting Merger Targets and Acquirers from Text},
  author={Bryan R. Routledge and Stefano Sacchetto and N. A. Smith},
  year={2013}
}

@article{eckbo2014,
author = {Eckbo, B. Espen},
title = {Corporate Takeovers and Economic Efficiency},
journal = {Annual Review of Financial Economics},
volume = {6},
number = {1},
pages = {51-74},
year = {2014},
doi = {10.1146/annurev-financial-110112-120938},
URL = { 
        https://doi.org/10.1146/annurev-financial-110112-120938  
},
eprint = { 
        https://doi.org/10.1146/annurev-financial-110112-120938   
},
}

@article{betton2008,
author = {Betton, Sandra and Eckbo, B. and Thorburn, Karin},
year = {2008},
month = {05},
pages = {},
title = {Corporate Takeovers},
volume = {2},
journal = {Handbook of Corporate Finance: Empirical Corporate Finance}
}

@article{hoberg2010,
    author = {Hoberg, Gerard and Phillips, Gordon},
    title = "{Product Market Synergies and Competition in Mergers and Acquisitions: A Text-Based Analysis}",
    journal = {The Review of Financial Studies},
    volume = {23},
    number = {10},
    pages = {3773-3811},
    year = {2010},
    month = {08},
    issn = {0893-9454},
    doi = {10.1093/rfs/hhq053},
    url = {https://doi.org/10.1093/rfs/hhq053},
    eprint = {https://academic.oup.com/rfs/article-pdf/23/10/3773/24429733/hhq053.pdf},
}

@article{jovanovic2002,
Author = {Jovanovic, Boyan and Rousseau, Peter L.},
Title = {The Q-Theory of Mergers },
Journal = {American Economic Review},
Volume = {92},
Number = {2},
Year = {2002},
Month = {May},
Pages = {198-204},
DOI = {10.1257/000282802320189249},
URL = {https://www.aeaweb.org/articles?id=10.1257/000282802320189249}
}

@unknown{katsafados2020,
author = {Katsafados, Apostolos and Androutsopoulos, Ion and Chalkidis, Ilias and Fergadiotis, Manos and Leledakis, George and Pyrgiotakis, Emmanouil},
year = {2020},
month = {10},
pages = {},
title = {Textual information and IPO underpricing: A machine learning approach},
doi = {10.13140/RG.2.2.13598.97608}
}

@article{powell2004,
author = {Powell, Ronan},
year = {2004},
month = {11},
pages = {},
title = {Takeover Prediction Models and Portfolio Strategies: A Multinomial Approach},
volume = {8},
journal = {Multinational Finance Journal},
doi = {10.17578/8-1/2-2}
}

@inbook{very2012,
author = {Very, Philippe and Metais, Emmanuel and Hourquet, Pierre-Guy and Lo, Serigne},
year = {2012},
month = {01},
pages = {1-32},
title = {Can we predict M&A activity?},
volume = {11},
journal = {Advances in Mergers and Acquisitions},
doi = {10.1108/S1479-361X(2012)0000011004}
}

@INPROCEEDINGS{moriarty2019,
  author={R. {Moriarty} and H. {Ly} and E. {Lan} and S. K. {McIntosh}},
  booktitle={2019 IEEE International Conference on Big Data (Big Data)}, 
  title={Deal or No Deal: Predicting Mergers and Acquisitions at Scale}, 
  year={2019},
  volume={},
  number={},
  pages={5552-5558},
  doi={10.1109/BigData47090.2019.9006015},
  ISSN={},
  month={Dec},
}


@inproceedings{linlin2018,
  author    = {Linlin Cui and
               Jianhua Chen and
               Wentao Wu},
  editor    = {M. Arif Wani and
               Mehmed M. Kantardzic and
               Moamar Sayed Mouchaweh and
               Jo{\~{a}}o Gama and
               Edwin Lughofer},
  title     = {Predicting Secondary Equity Offerings (SEOs) Using Machine Learning},
  booktitle = {17th {IEEE} International Conference on Machine Learning and Applications,
               {ICMLA} 2018, Orlando, FL, USA, December 17-20, 2018},
  pages     = {1219--1224},
  publisher = {{IEEE}},
  year      = {2018},
  url       = {https://doi.org/10.1109/ICMLA.2018.00198},
  doi       = {10.1109/ICMLA.2018.00198},
  timestamp = {Mon, 30 Nov 2020 08:47:24 +0100},
  biburl    = {https://dblp.org/rec/conf/icmla/CuiCW18.bib},
  bibsource = {dblp computer science bibliography, https://dblp.org}
}


@TechReport{katsafados2019,
  author={Katsafados, Apostolos G. and Androutsopoulos, Ion and Chalkidis, Ilias and Fergadiotis, Emmanouel and Leledakis, George N. and Pyrgiotakis, Emmanouil G.},
  title={{Using textual analysis to identify merger participants: Evidence from the U.S. banking industry}},
  year=2019,
  month=Nov,
  institution={University Library of Munich, Germany},
  type={MPRA Paper},
  url={https://ideas.repec.org/p/pra/mprapa/96893.html},
  number={96893},
  keywords={Textual analysis; text sentiment; bank mergers and acquisitions; acquisition likelihood},
  doi={},
}



@article{yang2020,
  author    = {Yi Yang and
               Mark Christopher Siy Uy and
               Allen Huang},
  title     = {FinBERT: {A} Pretrained Language Model for Financial Communications},
  journal   = {CoRR},
  volume    = {abs/2006.08097},
  year      = {2020},
  url       = {https://arxiv.org/abs/2006.08097},
  archivePrefix = {arXiv},
  eprint    = {2006.08097},
  timestamp = {Wed, 17 Jun 2020 14:28:54 +0200},
  biburl    = {https://dblp.org/rec/journals/corr/abs-2006-08097.bib},
  bibsource = {dblp computer science bibliography, https://dblp.org}
}

@inproceedings{kogan2009,
    title = "Predicting Risk from Financial Reports with Regression",
    author = "Kogan, Shimon  and
      Levin, Dimitry  and
      Routledge, Bryan R.  and
      Sagi, Jacob S.  and
      Smith, Noah A.",
    booktitle = "Proceedings of Human Language Technologies: The 2009 Annual Conference of the North {A}merican Chapter of the Association for Computational Linguistics",
    month = jun,
    year = "2009",
    address = "Boulder, Colorado",
    publisher = "Association for Computational Linguistics",
    url = "https://www.aclweb.org/anthology/N09-1031",
    pages = "272--280",
}

@article{araci2019,
  author    = {Dogu Araci},
  title     = {FinBERT: Financial Sentiment Analysis with Pre-trained Language Models},
  journal   = {CoRR},
  volume    = {abs/1908.10063},
  year      = {2019},
  url       = {http://arxiv.org/abs/1908.10063},
  archivePrefix = {arXiv},
  eprint    = {1908.10063},
  timestamp = {Thu, 29 Aug 2019 16:32:34 +0200},
  biburl    = {https://dblp.org/rec/journals/corr/abs-1908-10063.bib},
  bibsource = {dblp computer science bibliography, https://dblp.org}
}

@inproceedings{navid2017,
    title = "Volatility Prediction using Financial Disclosures Sentiments with Word Embedding-based {IR} Models",
    author = {Rekabsaz, Navid  and
      Lupu, Mihai  and
      Baklanov, Artem  and
      D{\"u}r, Alexander  and
      Andersson, Linda  and
      Hanbury, Allan},
    booktitle = "Proceedings of the 55th Annual Meeting of the Association for Computational Linguistics (Volume 1: Long Papers)",
    month = jul,
    year = "2017",
    address = "Vancouver, Canada",
    publisher = "Association for Computational Linguistics",
    url = "https://www.aclweb.org/anthology/P17-1157",
    doi = "10.18653/v1/P17-1157",
    pages = "1712--1721",
}

@inproceedings{ding2014,
    title = "Using Structured Events to Predict Stock Price Movement: An Empirical Investigation",
    author = "Ding, Xiao  and
      Zhang, Yue  and
      Liu, Ting  and
      Duan, Junwen",
    booktitle = "Proceedings of the 2014 Conference on Empirical Methods in Natural Language Processing ({EMNLP})",
    month = oct,
    year = "2014",
    address = "Doha, Qatar",
    publisher = "Association for Computational Linguistics",
    url = "https://www.aclweb.org/anthology/D14-1148",
    doi = "10.3115/v1/D14-1148",
    pages = "1415--1425",
}

@article{steven2017,
author = {Steven L. Heston and Nitish Ranjan Sinha},
title = {News vs. Sentiment: Predicting Stock Returns from News Stories},
journal = {Financial Analysts Journal},
volume = {73},
number = {3},
pages = {67-83},
year  = {2017},
publisher = {Routledge},
doi = {10.2469/faj.v73.n3.3},
URL = { 
        https://doi.org/10.2469/faj.v73.n3.3
},
eprint = { 
        https://doi.org/10.2469/faj.v73.n3.3   
}
}

@inproceedings{ding2015,
author = {Ding, Xiao and Zhang, Yue and Liu, Ting and Duan, Junwen},
title = {Deep Learning for Event-Driven Stock Prediction},
year = {2015},
isbn = {9781577357384},
publisher = {AAAI Press},
booktitle = {Proceedings of the 24th International Conference on Artificial Intelligence},
pages = {2327â€“2333},
numpages = {7},
location = {Buenos Aires, Argentina},
series = {IJCAI'15}
}

@inproceedings{maia2018,
author = {Maia, Macedo and Handschuh, Siegfried and Freitas, Andr\'{e} and Davis, Brian and McDermott, Ross and Zarrouk, Manel and Balahur, Alexandra},
title = {WWW'18 Open Challenge: Financial Opinion Mining and Question Answering},
year = {2018},
isbn = {9781450356404},
publisher = {International World Wide Web Conferences Steering Committee},
address = {Republic and Canton of Geneva, CHE},
url = {https://doi.org/10.1145/3184558.3192301},
doi = {10.1145/3184558.3192301},
booktitle = {Companion Proceedings of the The Web Conference 2018},
pages = {1941â€“1942},
numpages = {2},
keywords = {question answering, opinion mining, financial domain},
location = {Lyon, France},
series = {WWW '18}
}

@misc{yang2018,
      title={Financial Aspect-Based Sentiment Analysis using Deep Representations}, 
      author={Steve Yang and Jason Rosenfeld and Jacques Makutonin},
      year={2018},
      eprint={1808.07931},
      archivePrefix={arXiv},
      primaryClass={cs.CL}
}

@misc{ozbayoglu2020,
      title={Deep Learning for Financial Applications : A Survey}, 
      author={Ahmet Murat Ozbayoglu and Mehmet Ugur Gudelek and Omer Berat Sezer},
      year={2020},
      eprint={2002.05786},
      archivePrefix={arXiv},
      primaryClass={q-fin.ST}
}

@inproceedings{theil2019,
  title     = {PRoFET: Predicting the Risk of Firms from Event Transcripts},
  author    = {Theil, Christoph Kilian and Broscheit, Samuel and Stuckenschmidt, Heiner},
  booktitle = {Proceedings of the Twenty-Eighth International Joint Conference on
               Artificial Intelligence, {IJCAI-19}},
  publisher = {International Joint Conferences on Artificial Intelligence Organization},             
  pages     = {5211--5217},
  year      = {2019},
  month     = {7},
  doi       = {10.24963/ijcai.2019/724},
  url       = {https://doi.org/10.24963/ijcai.2019/724},
}




%Birinci paper icin referanslar
@inproceedings{dai2015,
author = {Dai, Andrew M. and Le, Quoc V.},
title = {Semi-Supervised Sequence Learning},
year = {2015},
publisher = {MIT Press},
address = {Cambridge, MA, USA},
pages = {3079â€“3087},
numpages = {9},
location = {Montreal, Canada},
series = {NIPS'15}
}



@inproceedings{peters2018,
    title = "Deep Contextualized Word Representations",
    author = "Peters, Matthew  and
      Neumann, Mark  and
      Iyyer, Mohit  and
      Gardner, Matt  and
      Clark, Christopher  and
      Lee, Kenton  and
      Zettlemoyer, Luke",
    booktitle = "Proceedings of the 2018 Conference of the North {A}merican Chapter of the Association for Computational Linguistics: Human Language Technologies, Volume 1 (Long Papers)",
    month = jun,
    year = "2018",
    address = "New Orleans, Louisiana",
    publisher = "Association for Computational Linguistics",
    url = "https://www.aclweb.org/anthology/N18-1202",
    doi = "10.18653/v1/N18-1202",
    pages = "2227--2237",
}

@inproceedings{howard2018,
    title = "Universal Language Model Fine-tuning for Text Classification",
    author = "Howard, Jeremy  and
      Ruder, Sebastian",
    booktitle = "Proceedings of the 56th Annual Meeting of the Association for Computational Linguistics (Volume 1: Long Papers)",
    month = jul,
    year = "2018",
    address = "Melbourne, Australia",
    publisher = "Association for Computational Linguistics",
    url = "https://www.aclweb.org/anthology/P18-1031",
    doi = "10.18653/v1/P18-1031",
    pages = "328--339",
}

%GPT
@inproceedings{radford2018,
  title={Improving Language Understanding by Generative Pre-Training},
  author={A. Radford},
  year={2018}
}

%GPT2
@article{radford2019,
  title={Language Models are Unsupervised Multitask Learners},
  author={Radford, Alec and Wu, Jeff and Child, Rewon and Luan, David and Amodei, Dario and Sutskever, Ilya},
  year={2019}
}

@inproceedings{devlin2019,
    title = "{BERT}: Pre-training of Deep Bidirectional Transformers for Language Understanding",
    author = "Devlin, Jacob  and
      Chang, Ming-Wei  and
      Lee, Kenton  and
      Toutanova, Kristina",
    booktitle = "Proceedings of the 2019 Conference of the North {A}merican Chapter of the Association for Computational Linguistics: Human Language Technologies, Volume 1 (Long and Short Papers)",
    month = jun,
    year = "2019",
    address = "Minneapolis, Minnesota",
    publisher = "Association for Computational Linguistics",
    url = "https://www.aclweb.org/anthology/N19-1423",
    doi = "10.18653/v1/N19-1423",
    pages = "4171--4186",
}

@inproceedings{yang2019,
 author = {Yang, Zhilin and Dai, Zihang and Yang, Yiming and Carbonell, Jaime and Salakhutdinov, Russ R and Le, Quoc V},
 booktitle = {Advances in Neural Information Processing Systems},
 editor = {H. Wallach and H. Larochelle and A. Beygelzimer and F. d\textquotesingle Alch\'{e}-Buc and E. Fox and R. Garnett},
 pages = {5753--5763},
 publisher = {Curran Associates, Inc.},
 title = {XLNet: Generalized Autoregressive Pretraining for Language Understanding},
 url = {https://proceedings.neurips.cc/paper/2019/file/dc6a7e655d7e5840e66733e9ee67cc69-Paper.pdf},
 volume = {32},
 year = {2019}
}
